<?xml version="1.0" encoding="UTF-8"?>
<record xmlns="http://www.loc.gov/MARC21/slim">
   <leader>03014cam a2200541 a 4500</leader>
   <controlfield tag="001">941302</controlfield>
   <controlfield tag="003">NjP</controlfield>
   <controlfield tag="005">20190705142701.0</controlfield>
   <controlfield tag="007">hd bfa011baaa</controlfield>
   <controlfield tag="007">hd bfa011baba</controlfield>
   <controlfield tag="007">hd afa011baca</controlfield>
   <controlfield tag="008">941222s1894    ti      a     000 0 ara d</controlfield>
   <datafield tag="024" ind1="7" ind2=" ">
      <subfield code="a">princeton_aco004778</subfield>
      <subfield code="2">local</subfield>
   </datafield>
   <datafield ind1=" " ind2=" " tag="040">
      <subfield code="a">NjP</subfield>
      <subfield code="c">PUL</subfield>
      <subfield code="d">PUL</subfield>
   </datafield>
   <datafield ind1=" " ind2=" " tag="035">
      <subfield code="a">(CStRLIN)NJPG94-B77698</subfield>
   </datafield>
   <datafield ind1=" " ind2=" " tag="035">
      <subfield code="9">CBP0956TS</subfield>
   </datafield>
   <datafield ind1=" " ind2=" " tag="035">
      <subfield code="a">(NjP)941302</subfield>
   </datafield>
   <datafield ind1=" " ind2=" " tag="049">
      <subfield code="a">PULL</subfield>
   </datafield>
   <datafield ind1=" " ind2=" " tag="035">
      <subfield code="a">(OCoLC)ocm31859100</subfield>
   </datafield>
   <datafield ind1="1" ind2=" " tag="100">
      <subfield code="6">880-01</subfield>
      <subfield code="a">Tawzarī, ʻUthmān ibn al-Makkī.</subfield>
   </datafield>
   <datafield ind1="1" ind2="0" tag="240">
      <subfield code="6">880-02</subfield>
      <subfield code="a">Tamrīn ʻalá Risālat Sullam ʻilm al-bayān lil-mubtadiʼīn wa-al-ṣibyān</subfield>
   </datafield>
   <datafield ind1="1" ind2="0" tag="245">
      <subfield code="6">880-03</subfield>
      <subfield code="a">Hādhā sharḥ yusammá al-Tamrīn ʻalá Risālat Sullam ʻilm al-bayān lil-mubtadiʼīn wa-al-ṣibyān</subfield>
      <subfield code="h">[microform] /</subfield>
      <subfield code="c">li-muʼallifihimā ʻUthmān ibn al-Makkī al-Zabīdī.</subfield>
   </datafield>
   <datafield ind1=" " ind2=" " tag="250">
      <subfield code="6">880-04</subfield>
      <subfield code="a">Ṭabʻah 1.</subfield>
   </datafield>
   <datafield ind1=" " ind2=" " tag="260">
      <subfield code="6">880-05</subfield>
      <subfield code="a">Tūnis :</subfield>
      <subfield code="b">Maṭbaʻat Hanrī Brīvūl,</subfield>
      <subfield code="c">1311 [1894]</subfield>
   </datafield>
   <datafield ind1=" " ind2=" " tag="300">
      <subfield code="a">11 p. ;</subfield>
      <subfield code="c">22 cm.</subfield>
   </datafield>
   <datafield ind1=" " ind2=" " tag="533">
      <subfield code="a">Microfilm.</subfield>
      <subfield code="b">Bethlehem, PA :</subfield>
      <subfield code="c">Mid-Atlantic Preservation Service,</subfield>
      <subfield code="d">1994.</subfield>
      <subfield code="e">1 microfilm reel ; 35 mm.</subfield>
      <subfield code="f">(Princeton University Arabic collection ; cn. 9402923.10. Phase II).</subfield>
      <subfield code="7">s1994    paun a</subfield>
   </datafield>
   <datafield ind1=" " ind2=" " tag="590">
      <subfield code="a">Princeton Arabic Microfilming Project.</subfield>
   </datafield>
   <datafield ind1=" " ind2=" " tag="590">
      <subfield code="a">No. 1 in a volume of 4 pamphlets.</subfield>
   </datafield>
   <datafield ind1="1" ind2="2" tag="700">
      <subfield code="6">880-06</subfield>
      <subfield code="a">Tawzarī, ʻUthmān ibn al-Makkī.</subfield>
      <subfield code="t">Sullam ʻilm al-bayān lil-mubtadiʼīn wa-al-ṣibyān.</subfield>
   </datafield>
   <datafield ind1="0" ind2=" " tag="740">
      <subfield code="6">880-07</subfield>
      <subfield code="a">Tamrīn ʻalá Risālat Sullam ʻilm al-bayān lil-mubtadiʼīn wa-al-ṣibyān.</subfield>
   </datafield>
   <datafield ind1="0" ind2=" " tag="740">
      <subfield code="6">880-08</subfield>
      <subfield code="a">Risālat Sullam ʻilm al-bayān lil-mubtadiʼīn wa-al-ṣibyān.</subfield>
   </datafield>
   <datafield ind1="0" ind2=" " tag="740">
      <subfield code="6">880-09</subfield>
      <subfield code="a">Sullam ʻilm al-bayān lil-mubtadiʼīn wa-al-ṣibyān.</subfield>
   </datafield>
   <datafield ind1=" " ind2="0" tag="830">
      <subfield code="a">Princeton University Arabic collection ;</subfield>
      <subfield code="v">cn. 9402923.10.</subfield>
   </datafield>
   <datafield ind1=" " ind2="0" tag="830">
      <subfield code="a">Princeton University Arabic collection.</subfield>
      <subfield code="p">Phase II.</subfield>
   </datafield>
   <datafield ind1="1" ind2=" " tag="880">
      <subfield code="6">100-01/r</subfield>
      <subfield code="a">توزري، عثمان بن المكي.</subfield>
   </datafield>
   <datafield ind1="1" ind2="0" tag="880">
      <subfield code="6">240-02/r</subfield>
      <subfield code="a">تمرين على رسالة سلم علم البيان للمبتدئين والصبيان</subfield>
   </datafield>
   <datafield ind1="1" ind2="0" tag="880">
      <subfield code="6">245-03/r</subfield>
      <subfield code="a">هذا شرح يسمى التمرين على رسالة سلم علم البيان للمبتدئين والصبيان</subfield>
      <subfield code="h">[microform] /</subfield>
      <subfield code="c">لمؤلفهما عثمان بن المكي الزبيدي.</subfield>
   </datafield>
   <datafield ind1=" " ind2=" " tag="880">
      <subfield code="6">250-04/r</subfield>
      <subfield code="a">طبعة 1.</subfield>
   </datafield>
   <datafield ind1=" " ind2=" " tag="880">
      <subfield code="6">260-05/r</subfield>
      <subfield code="a">تونس :</subfield>
      <subfield code="b">مطبعة هنري بريڤول،</subfield>
      <subfield code="c">1311 [1894]</subfield>
   </datafield>
   <datafield ind1="1" ind2="2" tag="880">
      <subfield code="6">700-06/r</subfield>
      <subfield code="a">توزري، عثمان بن المكي.</subfield>
      <subfield code="t">سلم علم البيان للمبتدئين والصبيان.</subfield>
   </datafield>
   <datafield ind1="0" ind2=" " tag="880">
      <subfield code="6">740-07/r</subfield>
      <subfield code="a">تمرين على رسالة سلم علم البيان للمبتدئين والصبيان.</subfield>
   </datafield>
   <datafield ind1="0" ind2=" " tag="880">
      <subfield code="6">740-08/r</subfield>
      <subfield code="a">رسالة سلم علم البيان للمبتدئين والصبيان.</subfield>
   </datafield>
   <datafield ind1="0" ind2=" " tag="880">
      <subfield code="6">740-09/r</subfield>
      <subfield code="a">سلم علم البيان للمبتدئين والصبيان.</subfield>
   </datafield>
   <datafield ind1=" " ind2=" " tag="998">
      <subfield code="a">01/09/95</subfield>
      <subfield code="s">9124</subfield>
      <subfield code="n">NjP</subfield>
      <subfield code="w">NJPG94B77698</subfield>
      <subfield code="d">12/22/94</subfield>
      <subfield code="c">AAH</subfield>
      <subfield code="b">KR</subfield>
      <subfield code="i">950109</subfield>
      <subfield code="l">NJPG</subfield>
   </datafield>
   <datafield ind1=" " ind2=" " tag="948">
      <subfield code="a">CON AACR2 bw set 10</subfield>
   </datafield>
   <datafield ind1=" " ind2=" " tag="911">
      <subfield code="a">19950119</subfield>
   </datafield>
   <datafield ind1=" " ind2=" " tag="912">
      <subfield code="a">19950109000000.0</subfield>
   </datafield>
   <datafield ind1=" " ind2=" " tag="994">
      <subfield code="a">C0</subfield>
      <subfield code="b">PUL</subfield>
   </datafield>
   <datafield ind1=" " ind2=" " tag="999">
      <subfield code="a">941302</subfield>
   </datafield>
   <datafield ind1=" " ind2=" " tag="979">
      <subfield code="a">(OCoLC)ocn176340649</subfield>
   </datafield>
   <datafield ind1="8" ind2="1" tag="852">
      <subfield code="0">1081913</subfield>
      <subfield code="b">rcppf</subfield>
      <subfield code="t">1</subfield>
      <subfield code="h">MICROFILM 09784</subfield>
      <subfield code="x">tr fr flm</subfield>
   </datafield>
   <datafield ind1=" " ind2="0" tag="866">
      <subfield code="0">1081913</subfield>
      <subfield code="8">0</subfield>
      <subfield code="z">Positive service copy.</subfield>
   </datafield>
   <datafield ind1="8" ind2="1" tag="852">
      <subfield code="0">1081928</subfield>
      <subfield code="b">rcppa</subfield>
      <subfield code="t">1</subfield>
      <subfield code="h">2276.99605.385</subfield>
      <subfield code="x">tr fr f</subfield>
   </datafield>
   <datafield ind1=" " ind2="0" tag="866">
      <subfield code="0">1081928</subfield>
      <subfield code="8">0</subfield>
      <subfield code="z">Original copy.</subfield>
   </datafield>
   <datafield ind1=" " ind2=" " tag="959">
      <subfield code="a">2000-06-13 00:00:00 -0500</subfield>
   </datafield>
</record>
